{
  "updated_at": "2026-01-27T14:41:48Z",
  "tokens": {
    "52472298363004668794598080911083049788694136003657179452761762091351614449151": {
      "price": 0.2,
      "best_bid": 0.19,
      "best_ask": 0.21,
      "ts": "1769524874003",
      "updated_at": 1769524874.1302974,
      "event_type": "price_change",
      "seq": 9491
    },
    "105108334823274411453837752322302146951506166827237470954759784982159162094956": {
      "price": 0.9784999999999999,
      "best_bid": 0.978,
      "best_ask": 0.979,
      "ts": "1769524802598",
      "updated_at": 1769524802.843395,
      "event_type": "price_change",
      "seq": 21909
    },
    "108988271800978168213949343685406694292284061166193819357568013088568150075789": {
      "price": 0.22,
      "best_bid": 0.21,
      "best_ask": 0.23,
      "ts": "1769524884622",
      "updated_at": 1769524884.905234,
      "event_type": "price_change",
      "seq": 62096
    },
    "12238337804021350373072513606997115174826680613156170611182546081135779794915": {
      "price": 0.755,
      "best_bid": 0.75,
      "best_ask": 0.76,
      "ts": "1769524727135",
      "updated_at": 1769524727.2629502,
      "event_type": "price_change",
      "seq": 8423
    },
    "113092139466786773400046150227283022650845595790917410904665252411285384263934": {
      "price": 0.4,
      "best_bid": 0.39,
      "best_ask": 0.41,
      "ts": "1769524108862",
      "updated_at": 1769524110.3418803,
      "event_type": "price_change",
      "seq": 13497
    },
    "96229871085374132303116376471322311695842738677806841162553339355812305824040": {
      "price": 0.5549999999999999,
      "best_bid": 0.54,
      "best_ask": 0.57,
      "ts": "1769521742126",
      "updated_at": 1769521742.3542945,
      "event_type": "price_change",
      "seq": 4166
    },
    "21527446005162722668702146847806837944786417986794925592709069062391666573103": {
      "price": 0.8945000000000001,
      "best_bid": 0.894,
      "best_ask": 0.895,
      "ts": "1769524894467",
      "updated_at": 1769524894.6300647,
      "event_type": "price_change",
      "seq": 44592
    },
    "13672909524738463047194485253993469755270149698964235984703055596484122584274": {
      "price": 0.041999999999999996,
      "best_bid": 0.04,
      "best_ask": 0.044,
      "ts": "1769524893736",
      "updated_at": 1769524893.8916547,
      "event_type": "price_change",
      "seq": 1147
    },
    "74158272986512133678259440491108222713871044032242747067505485348775431277848": {
      "price": 0.16499999999999998,
      "best_bid": 0.15,
      "best_ask": 0.18,
      "ts": "1769524752929",
      "updated_at": 1769524753.0460474,
      "event_type": "price_change",
      "seq": 903
    },
    "102959115782119267255751470797109829533159452392532368535668777732874614902949": {
      "price": 0.8,
      "best_bid": 0.79,
      "best_ask": 0.81,
      "ts": "1769524798930",
      "updated_at": 1769524799.076429,
      "event_type": "price_change",
      "seq": 1641
    },
    "81597160891975336100117101087183012959341169529180921433678346516276478487145": {
      "price": 0.695,
      "best_bid": 0.69,
      "best_ask": 0.7,
      "ts": "1769524899000",
      "updated_at": 1769524899.3877256,
      "event_type": "price_change",
      "seq": 3821
    },
    "106667108988289065972344848381213772359776077852725208676161076325507556562525": {
      "price": 0.515,
      "best_bid": 0.51,
      "best_ask": 0.52,
      "ts": "1769521987100",
      "updated_at": 1769521987.2755735,
      "event_type": "price_change",
      "seq": 17098
    },
    "103277204252908280658231679008432419060043361091976291370246293234925707999735": {
      "price": 0.9884999999999999,
      "best_bid": 0.986,
      "best_ask": 0.991,
      "ts": "1769524905331",
      "updated_at": 1769524905.4832532,
      "event_type": "price_change",
      "seq": 20797
    },
    "51171279104285400909666677762285621845926753560865042481170667672124752488918": {
      "price": 0.695,
      "best_bid": 0.69,
      "best_ask": 0.7,
      "ts": "1769524891985",
      "updated_at": 1769524892.2918363,
      "event_type": "price_change",
      "seq": 11072
    },
    "42378629981888465778376796069813771913625690526215841226738686395410621595528": {
      "price": 0.825,
      "best_bid": 0.82,
      "best_ask": 0.83,
      "ts": "1769524735074",
      "updated_at": 1769524735.2073967,
      "event_type": "price_change",
      "seq": 8725
    },
    "6991399421608885164106322669050008326466693363337237104945082692825908065896": {
      "price": 0.95,
      "best_bid": 0.94,
      "best_ask": 0.96,
      "ts": "1769524907874",
      "updated_at": 1769524908.0295424,
      "event_type": "price_change",
      "seq": 63154
    },
    "83722296194861509737807492105325276806804014660137138811708463053968062687084": {
      "price": 0.215,
      "best_bid": 0.21,
      "best_ask": 0.22,
      "ts": "1769524891985",
      "updated_at": 1769524892.2915678,
      "event_type": "price_change",
      "seq": 24909
    },
    "112847346639203630765901077163845076542730075387943895802537171945310360721295": {
      "price": 0.9664999999999999,
      "best_bid": 0.964,
      "best_ask": 0.969,
      "ts": "1769524907607",
      "updated_at": 1769524907.7441788,
      "event_type": "price_change",
      "seq": 37506
    },
    "66539233425216792912163562606448022321196745768325152567895600484595919574053": {
      "price": 0.9884999999999999,
      "best_bid": 0.988,
      "best_ask": 0.989,
      "ts": "1769524904231",
      "updated_at": 1769524904.675362,
      "event_type": "price_change",
      "seq": 7479
    },
    "82502710596437163348308378521149082521990735368840065096352406278737871407553": {
      "price": 0.685,
      "best_bid": 0.68,
      "best_ask": 0.69,
      "ts": "1769524891000",
      "updated_at": 1769524891.1944993,
      "event_type": "price_change",
      "seq": 6381
    },
    "101818439776033928818471919550932857351051302350112396692573347503051307979709": {
      "price": 0.335,
      "best_bid": 0.33,
      "best_ask": 0.34,
      "ts": "1769524891985",
      "updated_at": 1769524892.2921243,
      "event_type": "price_change",
      "seq": 23364
    },
    "24286668802376412374081743293701238057227224421953022561655145028885026136261": {
      "price": 0.81,
      "best_bid": 0.8,
      "best_ask": 0.82,
      "ts": "1769524899622",
      "updated_at": 1769524899.7878776,
      "event_type": "price_change",
      "seq": 7193
    },
    "63433408040190943973509092025756868743192149481060781851142321049882584518043": {
      "price": 0.2385,
      "best_bid": 0.237,
      "best_ask": 0.24,
      "ts": "1769524885119",
      "updated_at": 1769524885.4412389,
      "event_type": "price_change",
      "seq": 68858
    },
    "103339433306132630766710426332122099286931745435609856808611744116246970634275": {
      "price": 0.01,
      "best_bid": 0.008,
      "best_ask": 0.012,
      "ts": "1769524886366",
      "updated_at": 1769524886.492295,
      "event_type": "price_change",
      "seq": 6457
    },
    "28708129422013851649799558446816240244246580395995660620346398972895141235479": {
      "price": 0.9564999999999999,
      "best_bid": 0.954,
      "best_ask": 0.959,
      "ts": "1769524778536",
      "updated_at": 1769524778.7006104,
      "event_type": "price_change",
      "seq": 10095
    },
    "47321246111074442118975317476259316020677014741172642211326874221045952834236": {
      "price": 0.935,
      "best_bid": 0.93,
      "best_ask": 0.94,
      "ts": "1769524875630",
      "updated_at": 1769524875.7438607,
      "event_type": "price_change",
      "seq": 2984
    },
    "97096867818443035903034754988462815062031529438411423419311569171727062403843": {
      "price": 0.34650000000000003,
      "best_bid": 0.33,
      "best_ask": 0.363,
      "ts": "1769524908196",
      "updated_at": 1769524908.365249,
      "event_type": "price_change",
      "seq": 10436
    },
    "105278431224304914262575108897857144710708269283401008398765038078043727063198": {
      "price": 0.7,
      "best_bid": 0.69,
      "best_ask": 0.71,
      "ts": "1769524889680",
      "updated_at": 1769524889.8227863,
      "event_type": "price_change",
      "seq": 3249
    },
    "1148596756275584066467031943640753176749061751054940942783048901109098543721": {
      "price": 0.978,
      "best_bid": 0.977,
      "best_ask": 0.979,
      "ts": "1769524904205",
      "updated_at": 1769524904.5630493,
      "event_type": "price_change",
      "seq": 17226
    },
    "95445253825760928229249449988904037268822895493615656805098352422989620830732": {
      "price": 0.675,
      "best_bid": 0.65,
      "best_ask": 0.7,
      "ts": "1769524907785",
      "updated_at": 1769524907.9414415,
      "event_type": "price_change",
      "seq": 40161
    },
    "102319060308723166645465727269407769218748231162986270968569855482673094900551": {
      "price": 0.405,
      "best_bid": 0.39,
      "best_ask": 0.42,
      "ts": "1769524907734",
      "updated_at": 1769524907.8702137,
      "event_type": "price_change",
      "seq": 22921
    },
    "10294751913664150954490376491698671979327007140911807306258100671330452028850": {
      "price": 0.625,
      "best_bid": 0.62,
      "best_ask": 0.63,
      "ts": "1769524879493",
      "updated_at": 1769524879.6050298,
      "event_type": "price_change",
      "seq": 8315
    },
    "60710932205805758203315317488085165106904640184882480683502121472487983735550": {
      "price": 0.983,
      "best_bid": 0.98,
      "best_ask": 0.986,
      "ts": "1769524888003",
      "updated_at": 1769524888.125007,
      "event_type": "price_change",
      "seq": 675315
    },
    "37082726066756590137696446997499452856763598243673867366591242252359474108530": {
      "price": 0.0295,
      "best_bid": 0.028,
      "best_ask": 0.031,
      "ts": "1769524902412",
      "updated_at": 1769524902.6146452,
      "event_type": "price_change",
      "seq": 6086
    },
    "17781966920345001333694873962725544399622962807536262226327461471000709887625": {
      "price": 0.0445,
      "best_bid": 0.044,
      "best_ask": 0.045,
      "ts": "1769524886139",
      "updated_at": 1769524886.255376,
      "event_type": "price_change",
      "seq": 4340
    },
    "24394670903706558879845790079760859552309100903651562795058188175118941818512": {
      "price": 0.14500000000000002,
      "best_bid": 0.14,
      "best_ask": 0.15,
      "ts": "1769524908139",
      "updated_at": 1769524908.298902,
      "event_type": "price_change",
      "seq": 22549
    },
    "22537217786500181995164850662692745611838986234668399669340078472996253557483": {
      "price": 0.29500000000000004,
      "best_bid": 0.28,
      "best_ask": 0.31,
      "ts": "1769524902869",
      "updated_at": 1769524902.990597,
      "event_type": "price_change",
      "seq": 2015
    },
    "12890284985007418172782784682273657703735491521220792846117054341442420399912": {
      "price": 0.56,
      "best_bid": 0.55,
      "best_ask": 0.57,
      "ts": "1769524887800",
      "updated_at": 1769524888.019754,
      "event_type": "price_change",
      "seq": 535
    },
    "80310316334570144651468235744434303510420375889523017220140849038790784956644": {
      "price": 0.375,
      "best_bid": 0.36,
      "best_ask": 0.39,
      "ts": "1769524899347",
      "updated_at": 1769524899.6617193,
      "event_type": "price_change",
      "seq": 1491
    },
    "70660622350061788470958401793650083315253654094558831635926320178723816495171": {
      "price": 0.0085,
      "best_bid": 0.008,
      "best_ask": 0.009,
      "ts": "1769524896576",
      "updated_at": 1769524896.7288573,
      "event_type": "price_change",
      "seq": 441
    },
    "23311563303783760858176166115231875564829760730498992986905724285046115223219": {
      "price": 0.64,
      "best_bid": 0.63,
      "best_ask": 0.65,
      "ts": "1769522034958",
      "updated_at": 1769522035.0833697,
      "event_type": "price_change",
      "seq": 2
    }
  }
}